<?xml version="1.0" encoding="UTF-8"?><record xmlns="http://www.loc.gov/MARC21/slim" xmlns:cinclude="http://apache.org/cocoon/include/1.0" xmlns:zs="http://www.loc.gov/zing/srw/">
  <leader>00555nz  a2200145n  4500</leader>
  <controlfield tag="001">no2005094389</controlfield>
  <controlfield tag="003">DLC</controlfield>
  <controlfield tag="005">20051008193152.0</controlfield>
  <controlfield tag="008">051007n| acannaabn          |a ana     c</controlfield>
  <datafield tag="010" ind1=" " ind2=" ">
    <subfield code="a">no2005094389</subfield>
  </datafield>
  <datafield tag="035" ind1=" " ind2=" ">
    <subfield code="a">(OCoLC)oca06753024</subfield>
  </datafield>
  <datafield tag="040" ind1=" " ind2=" ">
    <subfield code="a">SaPrUSA</subfield>
    <subfield code="b">eng</subfield>
    <subfield code="c">SaPrUSA</subfield>
  </datafield>
  <datafield tag="110" ind1="2" ind2=" ">
    <subfield code="a">University of the Witwatersrand.</subfield>
    <subfield code="b">Project for the Study of Violence</subfield>
  </datafield>
  <datafield tag="410" ind1="2" ind2=" ">
    <subfield code="a">Project for the Study of Violence</subfield>
  </datafield>
  <datafield tag="670" ind1=" " ind2=" ">
    <subfield code="a">An independent assessment of basic training in the South African Police, 1992:</subfield>
    <subfield code="b">t.p. (Project for the Study of Violence, University of the Witwatersrand)</subfield>
  </datafield>
</record>